@Article{MICE,
    title = {{MICE}: Multivariate Imputation by Chained Equations in
      R},
    author = {Stef {van Buuren} and Karin Groothuis-Oudshoorn},
    journal = {Journal of Statistical Software},
    year = {2011},
    volume = {45},
    number = {3},
    pages = {1--67},
    url = {http://www.jstatsoft.org/v45/i03/},
  }

@Book{xgboost,
    title = {XGBoost: eXtreme Gradient Boosting},
    author = {T. Chen, T. He, M. Benesty, V. Khotilovich and
Y. Tang},
		year = {2017}
    url = {https://github.com/dmlc/xgboost},
  }

@article{sklearn,
 title={Scikit-learn: Machine Learning in {P}ython},
 author={Pedregosa, F. and Varoquaux, G. and Gramfort, A. and Michel, V.
         and Thirion, B. and Grisel, O. and Blondel, M. and Prettenhofer, P.
         and Weiss, R. and Dubourg, V. and Vanderplas, J. and Passos, A. and
         Cournapeau, D. and Brucher, M. and Perrot, M. and Duchesnay, E.},
 journal={Journal of Machine Learning Research},
 volume={12},
 pages={2825--2830},
 year={2011}
}

@misc{kerA,
  title= {Kernel: A Very Extensive Sberbank Exploratory Analysis
},
  author= {T. Walters},
  year= {2017}
  url = {https://www.kaggle.com/captcalculator/a-very-extensive-sberbank-exploratory-analysis}
}

@misc{kerB,
  title= {Kernel: Naive XGB [LB ~0.317]
},
  author= {B. Amaral},
  year= {2017}
  url = {https://www.kaggle.com/bguberfain/naive-xgb-lb-0-317}
}

@misc{kerC,
  title= {Kernel: LGBM LB 0.3093 - 0.3094},
  author= {anonymous},
  year= {2017}
  url = {https://www.kaggle.com/schoolpal/lgbm-lb-0-3093-0-3094}
}


